@article{morgan2017summarizedexperiment,
  title={SummarizedExperiment: SummarizedExperiment container},
  author={Morgan, Martin and Obenchain, Valerie and Hester, Jim and Pag{\`e}s, Herv{\'e}},
  journal={R package version},
  volume={1},
  number={0},
  year={2017}
}

@article{love2015rna,
  title={RNA-Seq workflow: gene-level exploratory analysis and differential expression},
  author={Love, Michael I and Anders, Simon and Kim, Vladislav and Huber, Wolfgang},
  journal={F1000Research},
  volume={4},
  year={2015},
  publisher={Faculty of 1000 Ltd}
}

@misc{love2019analyzing,
  title={Analyzing RNA-seq data with DESeq2},
  author={Love, Michael I and Anders, Simon and Huber, Wolfgang},
  year={2019}
}

@article{zhu2019heavy,
  title={Heavy-tailed prior distributions for sequence count data: removing the noise and preserving large differences},
  author={Zhu, Anqi and Ibrahim, Joseph G and Love, Michael I},
  journal={Bioinformatics},
  volume={35},
  number={12},
  pages={2084--2092},
  year={2019},
  publisher={Oxford University Press}
}

@article{yu2012clusterprofiler,
  title={clusterProfiler: an R package for comparing biological themes among gene clusters},
  author={Yu, Guangchuang and Wang, Li-Gen and Han, Yanyan and He, Qing-Yu},
  journal={Omics: a journal of integrative biology},
  volume={16},
  number={5},
  pages={284--287},
  year={2012},
  publisher={Mary Ann Liebert, Inc. 140 Huguenot Street, 3rd Floor New Rochelle, NY 10801 USA}
}

@article{yu2012statistical,
  title={Statistical analysis and visualization of functional profiles for genes and gene clusters},
  author={Yu, Guangchuang},
  journal={Journal of Integrative Biology},
  volume={16},
  number={5},
  pages={284--287},
  year={2012}
}

@article{hanzelmann2013gsva,
  title={GSVA: gene set variation analysis for microarray and RNA-seq data},
  author={H{\"a}nzelmann, Sonja and Castelo, Robert and Guinney, Justin},
  journal={BMC bioinformatics},
  volume={14},
  number={1},
  pages={7},
  year={2013},
  publisher={Springer}
}

@misc{phipson2016,
  title={RNA-seq analysis in R: Differential expression analysis},
  author={Phipson, Belinda and Trigos, Anna and Ritchie, Matt and Doyle, Maria and Dashnow, Harriet and Law, Charity},
  url = "https://combine-australia.github.io/RNAseq-R/06-rnaseq-day1.html",
  year={2016}
}

@misc{phipson2016,
  title={RNA-seq analysis in R: Differential expression analysis},
  author={Phipson, Belinda and Trigos, Anna and Ritchie, Matt and Doyle, Maria and Dashnow, Harriet and Law, Charity},
  url = "https://combine-australia.github.io/RNAseq-R/06-rnaseq-day1.html",
  year={2016}
}

@article{lonsdale2013genotype,
  title={The genotype-tissue expression (GTEx) project},
  author={Lonsdale, John and Thomas, Jeffrey and Salvatore, Mike and Phillips, Rebecca and Lo, Edmund and Shad, Saboor and Hasz, Richard and Walters, Gary and Garcia, Fernando and Young, Nancy and others},
  journal={Nature genetics},
  volume={45},
  number={6},
  pages={580},
  year={2013},
  publisher={Nature Publishing Group}
}